<record><leader>00000cas a22000007i 4500</leader><controlfield tag="001">948199770</controlfield><controlfield tag="006">m     o  d        </controlfield><controlfield tag="007">cr |||||||||||</controlfield><controlfield tag="008">160428c20169999iluwr n o     0   a0eng  </controlfield><datafield ind1=" " ind2=" " tag="010"><subfield code="a">  2016201232</subfield></datafield><datafield ind1=" " ind2=" " tag="040"><subfield code="a">DLC</subfield><subfield code="b">eng</subfield><subfield code="e">rda</subfield><subfield code="c">DLC</subfield><subfield code="d">DLC</subfield></datafield><datafield ind1=" " ind2=" " tag="012"><subfield code="l">1</subfield></datafield><datafield ind1="0" ind2=" " tag="022"><subfield code="a">2472-2049</subfield><subfield code="2">1</subfield></datafield><datafield ind1=" " ind2=" " tag="037"><subfield code="b">Paxton Star Weekly, 209 West 1st Street, North Clarence, IL  60960</subfield></datafield><datafield ind1=" " ind2=" " tag="042"><subfield code="a">nsdp</subfield><subfield code="a">pcc</subfield></datafield><datafield ind1="1" ind2="0" tag="050"><subfield code="a">ISSN RECORD</subfield></datafield><datafield ind1="1" ind2="0" tag="082"><subfield code="a">070</subfield><subfield code="2">23</subfield></datafield><datafield ind1=" " ind2="4" tag="222"><subfield code="a">The Paxton star weekly</subfield><subfield code="b">(Online)</subfield></datafield><datafield ind1="0" ind2="4" tag="245"><subfield code="a">The Paxton star weekly.</subfield></datafield><datafield ind1="1" ind2=" " tag="246"><subfield code="a">Paxton star</subfield></datafield><datafield ind1=" " ind2="1" tag="264"><subfield code="a">Paxton, IL :</subfield><subfield code="b">Paxton Star Weekly,</subfield><subfield code="c">2016-</subfield></datafield><datafield ind1=" " ind2=" " tag="310"><subfield code="a">Weekly</subfield></datafield><datafield ind1=" " ind2=" " tag="336"><subfield code="a">text</subfield><subfield code="b">txt</subfield><subfield code="2">rdacontent</subfield></datafield><datafield ind1=" " ind2=" " tag="337"><subfield code="a">computer</subfield><subfield code="b">c</subfield><subfield code="2">rdamedia</subfield></datafield><datafield ind1=" " ind2=" " tag="338"><subfield code="a">online resource</subfield><subfield code="b">cr</subfield><subfield code="2">rdacarrier</subfield></datafield><datafield ind1="1" ind2=" " tag="362"><subfield code="a">Began with: 1st issue  (February 21, 2016).</subfield></datafield><datafield ind1=" " ind2=" " tag="530"><subfield code="a">Available via Kindle.</subfield></datafield><datafield ind1=" " ind2=" " tag="588"><subfield code="a">Description based on 1st issue (Febraury 21, 2016); title from caption (Amazon website, viewed on April 28, 2016).</subfield></datafield><datafield ind1=" " ind2=" " tag="588"><subfield code="a">Latest issue consulted: 2nd issue (February 28, 2016) (viewed on April 28, 2016).</subfield></datafield><datafield ind1="0" ind2="8" tag="776"><subfield code="i">Print version:</subfield><subfield code="t">Paxton star weekly</subfield><subfield code="x">2472-2030</subfield><subfield code="w">(DLC)  2016201233</subfield><subfield code="w">(OCoLC)948199130</subfield></datafield><datafield ind1="4" ind2="0" tag="856"><subfield code="u">http://www.amazon.com/Paxton-Star-Weekly-February-21-ebook/dp/B01C7X0JBC?ie=UTF8&amp;keywords=paxton%20star%20weekly&amp;qid=1461858535&amp;ref_=sr_1_1&amp;sr=8-1</subfield></datafield><datafield ind1="4" ind2="0" tag="856"><subfield code="u">http://www.amazon.com/Paxton-Star-Weekly-February-28-ebook/dp/B01C7XUKA2?ie=UTF8&amp;keywords=paxton%20star%20weekly&amp;qid=1461858535&amp;ref_=sr_1_2&amp;sr=8-2#reader_B01C7XUKA2</subfield></datafield></record>